@ARTICLE{2021ApJ...917...23K,
       author = {{Kerr}, Ronan M.~P. and {Rizzuto}, Aaron C. and {Kraus}, Adam L. and {Offner}, Stella S.~R.},
        title = "{Stars with Photometrically Young Gaia Luminosities Around the Solar System (SPYGLASS). I. Mapping Young Stellar Structures and Their Star Formation Histories}",
      journal = {\apj},
     keywords = {Stellar associations, Stellar ages, Star formation, Young star clusters, Young stellar objects, Pre-main sequence stars, OB associations, 1582, 1581, 1569, 1833, 1834, 1290, 1140, Astrophysics - Astrophysics of Galaxies, Astrophysics - Solar and Stellar Astrophysics},
         year = 2021,
        month = aug,
       volume = {917},
       number = {1},
          eid = {23},
        pages = {23},
          doi = {10.3847/1538-4357/ac0251},
archivePrefix = {arXiv},
       eprint = {2105.09338},
 primaryClass = {astro-ph.GA},
       adsurl = {https://ui.adsabs.harvard.edu/abs/2021ApJ...917...23K},
      adsnote = {Provided by the SAO/NASA Astrophysics Data System}
}

@ARTICLE{Pavlidou2021,
       author = {{Pavlidou}, Tatiana and {Scholz}, Aleks and {Teixeira}, Paula S.},
        title = "{The substructure of the Perseus star-forming region: a survey with Gaia DR2}",
      journal = {\mnras},
     keywords = {methods: observational, stars: formation, galaxies: star clusters: general, Astrophysics - Astrophysics of Galaxies, Astrophysics - Solar and Stellar Astrophysics},
         year = 2021,
        month = may,
       volume = {503},
       number = {3},
        pages = {3232-3242},
          doi = {10.1093/mnras/stab352},
archivePrefix = {arXiv},
       eprint = {2102.08263},
 primaryClass = {astro-ph.GA},
       adsurl = {https://ui.adsabs.harvard.edu/abs/2021MNRAS.503.3232P},
      adsnote = {Provided by the SAO/NASA Astrophysics Data System}
}

@ARTICLE{Meingast2021,
       author = {{Meingast}, Stefan and {Alves}, Jo{\~a}o and {Rottensteiner}, Alena},
        title = "{Extended stellar systems in the solar neighborhood. V. Discovery of coronae of nearby star clusters}",
      journal = {\aap},
     keywords = {stars: kinematics and dynamics, solar neighborhood, open clusters and associations: general, Astrophysics - Astrophysics of Galaxies, Astrophysics - Solar and Stellar Astrophysics},
         year = 2021,
        month = jan,
       volume = {645},
          eid = {A84},
        pages = {A84},
          doi = {10.1051/0004-6361/202038610},
archivePrefix = {arXiv},
       eprint = {2010.06591},
 primaryClass = {astro-ph.GA},
       adsurl = {https://ui.adsabs.harvard.edu/abs/2021A&A...645A..84M},
      adsnote = {Provided by the SAO/NASA Astrophysics Data System}
}

@ARTICLE{Tian2020,
       author = {{Tian}, Hai-Jun},
        title = "{Discovery of a Young Stellar Snake with Two Dissolving Cores in the Solar Neighborhood}",
      journal = {\apj},
     keywords = {Stellar kinematics, Stellar associations, Stellar dynamics, Open star clusters, Gould Belt, OB associations, Young stellar objects, Pre-main sequence stars, Solar neighborhood, Proper motions, Tidal tails, Filamentary nebulae, 1608, 1582, 1596, 1160, 658, 1140, 1834, 1290, 1509, 1295, 1701, 535, Astrophysics - Astrophysics of Galaxies, Astrophysics - Solar and Stellar Astrophysics},
         year = 2020,
        month = dec,
       volume = {904},
       number = {2},
          eid = {196},
        pages = {196},
          doi = {10.3847/1538-4357/abbf4b},
archivePrefix = {arXiv},
       eprint = {2005.12265},
 primaryClass = {astro-ph.GA},
       adsurl = {https://ui.adsabs.harvard.edu/abs/2020ApJ...904..196T},
      adsnote = {Provided by the SAO/NASA Astrophysics Data System}
}

@ARTICLE{Kounkel2020,
       author = {{Kounkel}, Marina and {Covey}, Kevin and {Stassun}, Keivan G.},
        title = "{Untangling the Galaxy. II. Structure within 3 kpc}",
      journal = {\aj},
     keywords = {Milky Way dynamics, Galaxy structure, Stellar kinematics, Star clusters, Stellar associations, Stellar ages, 1051, 622, 1608, 1567, 1582, 1581, Astrophysics - Astrophysics of Galaxies, Astrophysics - Solar and Stellar Astrophysics},
         year = 2020,
        month = dec,
       volume = {160},
       number = {6},
          eid = {279},
        pages = {279},
          doi = {10.3847/1538-3881/abc0e6},
archivePrefix = {arXiv},
       eprint = {2004.07261},
 primaryClass = {astro-ph.GA},
       adsurl = {https://ui.adsabs.harvard.edu/abs/2020AJ....160..279K},
      adsnote = {Provided by the SAO/NASA Astrophysics Data System}
}

@ARTICLE{Gagne2020,
       author = {{Gagn{\'e}}, Jonathan and {David}, Trevor J. and {Mamajek}, Eric E. and {Mann}, Andrew W. and {Faherty}, Jacqueline K. and {B{\'e}dard}, Antoine},
        title = "{The {\ensuremath{\mu}} Tau Association: A 60 Myr Old Coeval Group at 150 pc from the Sun}",
      journal = {\apj},
     keywords = {Astrometry, Stellar associations, Proper motions, Brown dwarfs, Stellar kinematics, Low mass stars, 80, 1582, 1295, 185, 1608, 2050, Astrophysics - Solar and Stellar Astrophysics},
         year = 2020,
        month = nov,
       volume = {903},
       number = {2},
          eid = {96},
        pages = {96},
          doi = {10.3847/1538-4357/abb77e},
archivePrefix = {arXiv},
       eprint = {2008.06139},
 primaryClass = {astro-ph.SR},
       adsurl = {https://ui.adsabs.harvard.edu/abs/2020ApJ...903...96G},
      adsnote = {Provided by the SAO/NASA Astrophysics Data System}
}

@ARTICLE{CantatGaudin2020b,
       author = {{Cantat-Gaudin}, T. and {Anders}, F. and {Castro-Ginard}, A. and {Jordi}, C. and {Romero-G{\'o}mez}, M. and {Soubiran}, C. and {Casamiquela}, L. and {Tarricq}, Y. and {Moitinho}, A. and {Vallenari}, A. and {Bragaglia}, A. and {Krone-Martins}, A. and {Kounkel}, M.},
        title = "{Painting a portrait of the Galactic disc with its stellar clusters}",
      journal = {\aap},
     keywords = {open clusters and associations: general, Galaxy: disk, Astrophysics - Astrophysics of Galaxies, Astrophysics - Solar and Stellar Astrophysics},
         year = 2020,
        month = aug,
       volume = {640},
          eid = {A1},
        pages = {A1},
          doi = {10.1051/0004-6361/202038192},
archivePrefix = {arXiv},
       eprint = {2004.07274},
 primaryClass = {astro-ph.GA},
       adsurl = {https://ui.adsabs.harvard.edu/abs/2020A&A...640A...1C},
      adsnote = {Provided by the SAO/NASA Astrophysics Data System}
}

@ARTICLE{Ratzenbock2020,
       author = {{Ratzenb{\"o}ck}, Sebastian and {Meingast}, Stefan and {Alves}, Jo{\~a}o and {M{\"o}ller}, Torsten and {Bomze}, Immanuel},
        title = "{Extended stellar systems in the solar neighborhood. IV. Meingast 1: the most massive stellar stream in the solar neighborhood}",
      journal = {\aap},
     keywords = {methods: statistical, open clusters and associations: individual: Meingast 1, stars: luminosity function, mass function, stars: massive, stars: low-mass, white dwarfs, Astrophysics - Astrophysics of Galaxies, Astrophysics - Solar and Stellar Astrophysics},
         year = 2020,
        month = jul,
       volume = {639},
          eid = {A64},
        pages = {A64},
          doi = {10.1051/0004-6361/202037591},
archivePrefix = {arXiv},
       eprint = {2002.05728},
 primaryClass = {astro-ph.GA},
       adsurl = {https://ui.adsabs.harvard.edu/abs/2020A&A...639A..64R},
      adsnote = {Provided by the SAO/NASA Astrophysics Data System}
}

@ARTICLE{Roccatagliata2020,
       author = {{Roccatagliata}, V. and {Franciosini}, E. and {Sacco}, G.~G. and {Randich}, S. and {Sicilia-Aguilar}, A.},
        title = "{A 3D view of the Taurus star-forming region by Gaia and Herschel. Multiple populations related to the filamentary molecular cloud}",
      journal = {\aap},
     keywords = {stars: pre-main sequence, open clusters and associations: individual: Taurus, parallaxes, proper motions, radio continuum: ISM, Astrophysics - Solar and Stellar Astrophysics, Astrophysics - Astrophysics of Galaxies},
         year = 2020,
        month = jun,
       volume = {638},
          eid = {A85},
        pages = {A85},
          doi = {10.1051/0004-6361/201936401},
archivePrefix = {arXiv},
       eprint = {2005.01331},
 primaryClass = {astro-ph.SR},
       adsurl = {https://ui.adsabs.harvard.edu/abs/2020A&A...638A..85R},
      adsnote = {Provided by the SAO/NASA Astrophysics Data System}
}

@ARTICLE{RoserSchilbach2020,
       author = {{R{\"o}ser}, Siegfried and {Schilbach}, Elena},
        title = "{A census of the nearby Pisces-Eridanus stellar stream. Commonalities with and disparities from the Pleiades}",
      journal = {\aap},
     keywords = {globular clusters: individual: Pisces-Eridanus stream, stars: evolution, stars: luminosity function, mass function, Hertzsprung-Russell and C-M diagrams, open clusters and associations: individual: M45 (Pleiades), Astrophysics - Solar and Stellar Astrophysics, Astrophysics - Astrophysics of Galaxies},
         year = 2020,
        month = jun,
       volume = {638},
          eid = {A9},
        pages = {A9},
          doi = {10.1051/0004-6361/202037691},
archivePrefix = {arXiv},
       eprint = {2002.03610},
 primaryClass = {astro-ph.SR},
       adsurl = {https://ui.adsabs.harvard.edu/abs/2020A&A...638A...9R},
      adsnote = {Provided by the SAO/NASA Astrophysics Data System}
}

@ARTICLE{Ujjwal2020,
       author = {{Ujjwal}, K. and {Kartha}, Sreeja S. and {Mathew}, Blesson and {Manoj}, P. and {Narang}, Mayank},
        title = "{Analysis of Membership Probability in Nearby Young Moving Groups with Gaia DR2}",
      journal = {\aj},
     keywords = {1608, 1295, 1332, 1582, Astrophysics - Solar and Stellar Astrophysics, Astrophysics - Earth and Planetary Astrophysics, Astrophysics - Astrophysics of Galaxies},
         year = 2020,
        month = apr,
       volume = {159},
       number = {4},
          eid = {166},
        pages = {166},
          doi = {10.3847/1538-3881/ab76d6},
archivePrefix = {arXiv},
       eprint = {2002.04801},
 primaryClass = {astro-ph.SR},
       adsurl = {https://ui.adsabs.harvard.edu/abs/2020AJ....159..166U},
      adsnote = {Provided by the SAO/NASA Astrophysics Data System}
}

@ARTICLE{CastroGinard2020,
       author = {{Castro-Ginard}, A. and {Jordi}, C. and {Luri}, X. and {{\'A}lvarez Cid-Fuentes}, J. and {Casamiquela}, L. and {Anders}, F. and {Cantat-Gaudin}, T. and {Mongui{\'o}}, M. and {Balaguer-N{\'u}{\~n}ez}, L. and {Sol{\`a}}, S. and {Badia}, R.~M.},
        title = "{Hunting for open clusters in Gaia DR2: 582 new open clusters in the Galactic disc}",
      journal = {\aap},
     keywords = {surveys, open clusters and associations: general, astrometry, methods: data analysis, Astrophysics - Astrophysics of Galaxies, Astrophysics - Solar and Stellar Astrophysics},
         year = 2020,
        month = mar,
       volume = {635},
          eid = {A45},
        pages = {A45},
          doi = {10.1051/0004-6361/201937386},
archivePrefix = {arXiv},
       eprint = {2001.07122},
 primaryClass = {astro-ph.GA},
       adsurl = {https://ui.adsabs.harvard.edu/abs/2020A&A...635A..45C},
      adsnote = {Provided by the SAO/NASA Astrophysics Data System}
}

@ARTICLE{CantatGaudin2020a,
       author = {{Cantat-Gaudin}, T. and {Anders}, F.},
        title = "{Clusters and mirages: cataloguing stellar aggregates in the Milky Way}",
      journal = {\aap},
     keywords = {open clusters and associations: general, Galaxy: stellar content, Astrophysics - Solar and Stellar Astrophysics, Astrophysics - Astrophysics of Galaxies},
         year = 2020,
        month = jan,
       volume = {633},
          eid = {A99},
        pages = {A99},
          doi = {10.1051/0004-6361/201936691},
archivePrefix = {arXiv},
       eprint = {1911.07075},
 primaryClass = {astro-ph.SR},
       adsurl = {https://ui.adsabs.harvard.edu/abs/2020A&A...633A..99C},
      adsnote = {Provided by the SAO/NASA Astrophysics Data System}
}

@ARTICLE{KounkelCovey2019,
       author = {{Kounkel}, Marina and {Covey}, Kevin},
        title = "{Untangling the Galaxy. I. Local Structure and Star Formation History of the Milky Way}",
      journal = {\aj},
     keywords = {Milky Way dynamics, Galaxy structure, Stellar kinematics, Stellar associations, Star clusters, Stellar ages, 1051, 622, 1608, 1582, 1567, 1581, Astrophysics - Astrophysics of Galaxies, Astrophysics - Solar and Stellar Astrophysics},
         year = 2019,
        month = sep,
       volume = {158},
       number = {3},
          eid = {122},
        pages = {122},
          doi = {10.3847/1538-3881/ab339a},
archivePrefix = {arXiv},
       eprint = {1907.07709},
 primaryClass = {astro-ph.GA},
       adsurl = {https://ui.adsabs.harvard.edu/abs/2019AJ....158..122K},
      adsnote = {Provided by the SAO/NASA Astrophysics Data System}
}

@ARTICLE{EsplinLuhman2019,
       author = {{Esplin}, T.~L. and {Luhman}, K.~L.},
        title = "{A Survey for New Members of Taurus from Stellar to Planetary Masses}",
      journal = {\aj},
     keywords = {brown dwarfs, protoplanetary disks, stars: low-mass, stars: formation, Astrophysics - Solar and Stellar Astrophysics, Astrophysics - Earth and Planetary Astrophysics, Astrophysics - Astrophysics of Galaxies},
         year = 2019,
        month = aug,
       volume = {158},
       number = {2},
          eid = {54},
        pages = {54},
          doi = {10.3847/1538-3881/ab2594},
archivePrefix = {arXiv},
       eprint = {1907.00055},
 primaryClass = {astro-ph.SR},
       adsurl = {https://ui.adsabs.harvard.edu/abs/2019AJ....158...54E},
      adsnote = {Provided by the SAO/NASA Astrophysics Data System}
}

@ARTICLE{CantatGaudin2019a,
       author = {{Cantat-Gaudin}, T. and {Jordi}, C. and {Wright}, N.~J. and {Armstrong}, J.~J. and {Vallenari}, A. and {Balaguer-N{\'u}{\~n}ez}, L. and {Ramos}, P. and {Bossini}, D. and {Padoan}, P. and {Pelkonen}, V.~M. and {Mapelli}, M. and {Jeffries}, R.~D.},
        title = "{Expanding associations in the Vela-Puppis region. 3D structure and kinematics of the young population}",
      journal = {\aap},
     keywords = {open clusters and associations: individual: Vela OB2, open clusters and associations: individual: Trumpler 10, open clusters and associations: individual: NGC 2547, open clusters and associations: individual: NGC 2451B, stars: pre-main sequence, Astrophysics - Astrophysics of Galaxies, Astrophysics - Solar and Stellar Astrophysics},
         year = 2019,
        month = jun,
       volume = {626},
          eid = {A17},
        pages = {A17},
          doi = {10.1051/0004-6361/201834957},
archivePrefix = {arXiv},
       eprint = {1812.08114},
 primaryClass = {astro-ph.GA},
       adsurl = {https://ui.adsabs.harvard.edu/abs/2019A&A...626A..17C},
      adsnote = {Provided by the SAO/NASA Astrophysics Data System}
}

@ARTICLE{Furnkranz2019,
       author = {{F{\"u}rnkranz}, Verena and {Meingast}, Stefan and {Alves}, Jo{\~a}o},
        title = "{Extended stellar systems in the solar neighborhood. III. Like ships in the night: the Coma Berenices neighbor moving group}",
      journal = {\aap},
     keywords = {stars: kinematics and dynamics, solar neighborhood, open clusters and associations: individual: Coma Berenices, Astrophysics - Astrophysics of Galaxies},
         year = 2019,
        month = apr,
       volume = {624},
          eid = {L11},
        pages = {L11},
          doi = {10.1051/0004-6361/201935293},
archivePrefix = {arXiv},
       eprint = {1902.07216},
 primaryClass = {astro-ph.GA},
       adsurl = {https://ui.adsabs.harvard.edu/abs/2019A&A...624L..11F},
      adsnote = {Provided by the SAO/NASA Astrophysics Data System}
}

@ARTICLE{Damiani2019,
       author = {{Damiani}, F. and {Prisinzano}, L. and {Pillitteri}, I. and {Micela}, G. and {Sciortino}, S.},
        title = "{Stellar population of Sco OB2 revealed by Gaia DR2 data}",
      journal = {\aap},
     keywords = {open clusters and associations: individual: Sco OB2, stars: pre-main sequence, parallaxes, proper motions, Astrophysics - Solar and Stellar Astrophysics, Astrophysics - Astrophysics of Galaxies},
         year = 2019,
        month = mar,
       volume = {623},
          eid = {A112},
        pages = {A112},
          doi = {10.1051/0004-6361/201833994},
archivePrefix = {arXiv},
       eprint = {1807.11884},
 primaryClass = {astro-ph.SR},
       adsurl = {https://ui.adsabs.harvard.edu/abs/2019A&A...623A.112D},
      adsnote = {Provided by the SAO/NASA Astrophysics Data System}
}

@ARTICLE{Meingast2019,
       author = {{Meingast}, Stefan and {Alves}, Jo{\~a}o},
        title = "{Extended stellar systems in the solar neighborhood. I. The tidal tails of the Hyades}",
      journal = {\aap},
     keywords = {stars: kinematics and dynamics, open clusters and associations: individual: Hyades, Astrophysics - Astrophysics of Galaxies, Astrophysics - Solar and Stellar Astrophysics},
         year = 2019,
        month = jan,
       volume = {621},
          eid = {L3},
        pages = {L3},
          doi = {10.1051/0004-6361/201834622},
archivePrefix = {arXiv},
       eprint = {1811.04931},
 primaryClass = {astro-ph.GA},
       adsurl = {https://ui.adsabs.harvard.edu/abs/2019A&A...621L...3M},
      adsnote = {Provided by the SAO/NASA Astrophysics Data System}
}

@ARTICLE{Zari2018,
       author = {{Zari}, E. and {Hashemi}, H. and {Brown}, A.~G.~A. and {Jardine}, K. and {de Zeeuw}, P.~T.},
        title = "{3D mapping of young stars in the solar neighbourhood with Gaia DR2}",
      journal = {\aap},
     keywords = {stars: distances, stars: formation, stars: pre-main sequence, stars: early-type, solar neighborhood, open clusters and associations: general, Astrophysics - Solar and Stellar Astrophysics, Astrophysics - Astrophysics of Galaxies},
         year = 2018,
        month = dec,
       volume = {620},
          eid = {A172},
        pages = {A172},
          doi = {10.1051/0004-6361/201834150},
archivePrefix = {arXiv},
       eprint = {1810.09819},
 primaryClass = {astro-ph.SR},
       adsurl = {https://ui.adsabs.harvard.edu/abs/2018A&A...620A.172Z},
      adsnote = {Provided by the SAO/NASA Astrophysics Data System}
}

@ARTICLE{Goldman2018,
       author = {{Goldman}, Bertrand and {R{\"o}ser}, Siegfried and {Schilbach}, Elena and {Mo{\'o}r}, Attila C. and {Henning}, Thomas},
        title = "{A Large Moving Group within the Lower Centaurus Crux Association}",
      journal = {\apj},
     keywords = {brown dwarfs, open clusters and associations: individual: Lower Centaurus Crux, protoplanetary disks, stars: formation, stars: luminosity function, mass function, Astrophysics - Solar and Stellar Astrophysics, Astrophysics - Astrophysics of Galaxies},
         year = 2018,
        month = nov,
       volume = {868},
       number = {1},
          eid = {32},
        pages = {32},
          doi = {10.3847/1538-4357/aae64c},
archivePrefix = {arXiv},
       eprint = {1807.02076},
 primaryClass = {astro-ph.SR},
       adsurl = {https://ui.adsabs.harvard.edu/abs/2018ApJ...868...32G},
      adsnote = {Provided by the SAO/NASA Astrophysics Data System}
}

@ARTICLE{CantatGaudin2018a,
       author = {{Cantat-Gaudin}, T. and {Jordi}, C. and {Vallenari}, A. and {Bragaglia}, A. and {Balaguer-N{\'u}{\~n}ez}, L. and {Soubiran}, C. and {Bossini}, D. and {Moitinho}, A. and {Castro-Ginard}, A. and {Krone-Martins}, A. and {Casamiquela}, L. and {Sordo}, R. and {Carrera}, R.},
        title = "{A Gaia DR2 view of the open cluster population in the Milky Way}",
      journal = {\aap},
     keywords = {stars: distances, Galaxy: disk, Galaxy: structure, open clusters and associations: general, Astrophysics - Astrophysics of Galaxies},
         year = 2018,
        month = oct,
       volume = {618},
          eid = {A93},
        pages = {A93},
          doi = {10.1051/0004-6361/201833476},
archivePrefix = {arXiv},
       eprint = {1805.08726},
 primaryClass = {astro-ph.GA},
       adsurl = {https://ui.adsabs.harvard.edu/abs/2018A&A...618A..93C},
      adsnote = {Provided by the SAO/NASA Astrophysics Data System}
}

@ARTICLE{Kounkel2018,
       author = {{Kounkel}, Marina and {Covey}, Kevin and {Su{\'a}rez}, Genaro and {Rom{\'a}n-Z{\'u}{\~n}iga}, Carlos and {Hernandez}, Jesus and {Stassun}, Keivan and {Jaehnig}, Karl O. and {Feigelson}, Eric D. and {Pe{\~n}a Ram{\'\i}rez}, Karla and {Roman-Lopes}, Alexandre and {Da Rio}, Nicola and {Stringfellow}, Guy S. and {Kim}, J. Serena and {Borissova}, Jura and {Fern{\'a}ndez-Trincado}, Jos{\'e} G. and {Burgasser}, Adam and {Garc{\'\i}a-Hern{\'a}ndez}, D.~A. and {Zamora}, Olga and {Pan}, Kaike and {Nitschelm}, Christian},
        title = "{The APOGEE-2 Survey of the Orion Star-forming Complex. II. Six-dimensional Structure}",
      journal = {\aj},
     keywords = {open clusters and associations: individual: Orion Complex, stars: kinematics and dynamics, stars: pre-main sequence, Astrophysics - Solar and Stellar Astrophysics, Astrophysics - Astrophysics of Galaxies},
         year = 2018,
        month = sep,
       volume = {156},
       number = {3},
          eid = {84},
        pages = {84},
          doi = {10.3847/1538-3881/aad1f1},
archivePrefix = {arXiv},
       eprint = {1805.04649},
 primaryClass = {astro-ph.SR},
       adsurl = {https://ui.adsabs.harvard.edu/abs/2018AJ....156...84K},
      adsnote = {Provided by the SAO/NASA Astrophysics Data System}
}

@ARTICLE{Gagne2018c,
       author = {{Gagn{\'e}}, Jonathan and {Faherty}, Jacqueline K.},
        title = "{BANYAN. XIII. A First Look at Nearby Young Associations with Gaia Data Release 2}",
      journal = {\apj},
     keywords = {methods: data analysis, proper motions, stars: kinematics and dynamics, Astrophysics - Solar and Stellar Astrophysics},
         year = 2018,
        month = aug,
       volume = {862},
       number = {2},
          eid = {138},
        pages = {138},
          doi = {10.3847/1538-4357/aaca2e},
archivePrefix = {arXiv},
       eprint = {1805.11715},
 primaryClass = {astro-ph.SR},
       adsurl = {https://ui.adsabs.harvard.edu/abs/2018ApJ...862..138G},
      adsnote = {Provided by the SAO/NASA Astrophysics Data System}
}

@ARTICLE{GaiaCollaboration2018,
       author = {{Gaia Collaboration} and {Babusiaux}, C. and {van Leeuwen}, F. and {Barstow}, M.~A. and {Jordi}, C. and {Vallenari}, A. and {Bossini}, D. and {Bressan}, A. and {Cantat-Gaudin}, T. and {van Leeuwen}, M. and et al.},
        title = "{Gaia Data Release 2. Observational Hertzsprung-Russell diagrams}",
      journal = {\aap},
     keywords = {parallaxes, Hertzsprung-Russell and C-M diagrams, solar neighborhood, stars: evolution, Astrophysics - Solar and Stellar Astrophysics, Astrophysics - Astrophysics of Galaxies},
         year = 2018,
        month = aug,
       volume = {616},
          eid = {A10},
        pages = {A10},
          doi = {10.1051/0004-6361/201832843},
archivePrefix = {arXiv},
       eprint = {1804.09378},
 primaryClass = {astro-ph.SR},
       adsurl = {https://ui.adsabs.harvard.edu/abs/2018A&A...616A..10G},
      adsnote = {Provided by the SAO/NASA Astrophysics Data System}
}

@ARTICLE{VillaVelez2018,
       author = {{Villa V{\'e}lez}, Jorge A. and {Brown}, Anthony G.~A. and {Kenworthy}, Matthew A.},
        title = "{The Pre-main Sequence Population of Sco-Cen Unveiled with Gaia DR2}",
      journal = {Research Notes of the American Astronomical Society},
     keywords = {Astrophysics - Solar and Stellar Astrophysics, Astrophysics - Astrophysics of Galaxies},
         year = 2018,
        month = jun,
       volume = {2},
       number = {2},
          eid = {58},
        pages = {58},
          doi = {10.3847/2515-5172/aacced},
archivePrefix = {arXiv},
       eprint = {1810.01517},
 primaryClass = {astro-ph.SR},
       adsurl = {https://ui.adsabs.harvard.edu/abs/2018RNAAS...2...58V},
      adsnote = {Provided by the SAO/NASA Astrophysics Data System}
}

@ARTICLE{Gagne2018b,
       author = {{Gagn{\'e}}, Jonathan and {Roy-Loubier}, Olivier and {Faherty}, Jacqueline K. and {Doyon}, Ren{\'e} and {Malo}, Lison},
        title = "{BANYAN. XII. New Members of Nearby Young Associations from GAIA-Tycho Data}",
      journal = {\apj},
     keywords = {methods: data analysis, proper motions, stars: kinematics and dynamics, Astrophysics - Solar and Stellar Astrophysics},
         year = 2018,
        month = jun,
       volume = {860},
       number = {1},
          eid = {43},
        pages = {43},
          doi = {10.3847/1538-4357/aac2b8},
archivePrefix = {arXiv},
       eprint = {1804.03093},
 primaryClass = {astro-ph.SR},
       adsurl = {https://ui.adsabs.harvard.edu/abs/2018ApJ...860...43G},
      adsnote = {Provided by the SAO/NASA Astrophysics Data System}
}

@ARTICLE{Gagne2018a,
       author = {{Gagn{\'e}}, Jonathan and {Mamajek}, Eric E. and {Malo}, Lison and {Riedel}, Adric and {Rodriguez}, David and {Lafreni{\`e}re}, David and {Faherty}, Jacqueline K. and {Roy-Loubier}, Olivier and {Pueyo}, Laurent and {Robin}, Annie C. and {Doyon}, Ren{\'e}},
        title = "{BANYAN. XI. The BANYAN {\ensuremath{\Sigma}} Multivariate Bayesian Algorithm to Identify Members of Young Associations with 150 pc}",
      journal = {\apj},
     keywords = {brown dwarfs, methods: data analysis, proper motions, stars: kinematics and dynamics, stars: low-mass, Astrophysics - Solar and Stellar Astrophysics},
         year = 2018,
        month = mar,
       volume = {856},
       number = {1},
          eid = {23},
        pages = {23},
          doi = {10.3847/1538-4357/aaae09},
archivePrefix = {arXiv},
       eprint = {1801.09051},
 primaryClass = {astro-ph.SR},
       adsurl = {https://ui.adsabs.harvard.edu/abs/2018ApJ...856...23G},
      adsnote = {Provided by the SAO/NASA Astrophysics Data System}
}

@ARTICLE{Rizzuto2017,
       author = {{Rizzuto}, Aaron C. and {Mann}, Andrew W. and {Vanderburg}, Andrew and {Kraus}, Adam L. and {Covey}, Kevin R.},
        title = "{Zodiacal Exoplanets in Time (ZEIT). V. A Uniform Search for Transiting Planets in Young Clusters Observed by K2}",
      journal = {\aj},
     keywords = {methods: data analysis, open clusters and associations: general, planetary systems, planets and satellites: detections, planets and satellites: dynamical evolution and stability, stars: pre-main sequence, Astrophysics - Earth and Planetary Astrophysics},
         year = 2017,
        month = dec,
       volume = {154},
       number = {6},
          eid = {224},
        pages = {224},
          doi = {10.3847/1538-3881/aa9070},
archivePrefix = {arXiv},
       eprint = {1709.09670},
 primaryClass = {astro-ph.EP},
       adsurl = {https://ui.adsabs.harvard.edu/abs/2017AJ....154..224R},
      adsnote = {Provided by the SAO/NASA Astrophysics Data System}
}

@ARTICLE{Oh2017,
       author = {{Oh}, Semyeong and {Price-Whelan}, Adrian M. and {Hogg}, David W. and {Morton}, Timothy D. and {Spergel}, David N.},
        title = "{Comoving Stars in Gaia DR1: An Abundance of Very Wide Separation Comoving Pairs}",
      journal = {\aj},
     keywords = {binaries: visual, methods: statistical, open clusters and associations: general, parallaxes, proper motions, stars: formation, Astrophysics - Solar and Stellar Astrophysics, Astrophysics - Astrophysics of Galaxies},
         year = 2017,
        month = jun,
       volume = {153},
       number = {6},
          eid = {257},
        pages = {257},
          doi = {10.3847/1538-3881/aa6ffd},
archivePrefix = {arXiv},
       eprint = {1612.02440},
 primaryClass = {astro-ph.SR},
       adsurl = {https://ui.adsabs.harvard.edu/abs/2017AJ....153..257O},
      adsnote = {Provided by the SAO/NASA Astrophysics Data System}
}

@ARTICLE{CottenSong2016,
       author = {{Cotten}, Tara H. and {Song}, Inseok},
        title = "{A Comprehensive Census of Nearby Infrared Excess Stars}",
      journal = {\apjs},
     keywords = {circumstellar matter, infrared: general, stars: evolution, Astrophysics - Solar and Stellar Astrophysics, Astrophysics - Earth and Planetary Astrophysics},
         year = 2016,
        month = jul,
       volume = {225},
       number = {1},
          eid = {15},
        pages = {15},
          doi = {10.3847/0067-0049/225/1/15},
archivePrefix = {arXiv},
       eprint = {1606.01134},
 primaryClass = {astro-ph.SR},
       adsurl = {https://ui.adsabs.harvard.edu/abs/2016ApJS..225...15C},
      adsnote = {Provided by the SAO/NASA Astrophysics Data System}
}

@ARTICLE{Kraus2014,
       author = {{Kraus}, Adam L. and {Shkolnik}, Evgenya L. and {Allers}, Katelyn N. and {Liu}, Michael C.},
        title = "{A Stellar Census of the Tucana-Horologium Moving Group}",
      journal = {\aj},
     keywords = {binaries: spectroscopic, open clusters and associations: individual: Tucana-Horologium, stars: activity, stars: kinematics and dynamics, stars: low-mass, stars: pre-main sequence, Astrophysics - Solar and Stellar Astrophysics},
         year = 2014,
        month = jun,
       volume = {147},
       number = {6},
          eid = {146},
        pages = {146},
          doi = {10.1088/0004-6256/147/6/146},
archivePrefix = {arXiv},
       eprint = {1403.0050},
 primaryClass = {astro-ph.SR},
       adsurl = {https://ui.adsabs.harvard.edu/abs/2014AJ....147..146K},
      adsnote = {Provided by the SAO/NASA Astrophysics Data System}
}

@ARTICLE{NASAExoArchive_ps_20210506,
       author = {{Akeson}, R.~L. and {Chen}, X. and {Ciardi}, D. and {Crane}, M. and {Good}, J. and {Harbut}, M. and {Jackson}, E. and {Kane}, S.~R. and {Laity}, A.~C. and {Leifer}, S. and {Lynn}, M. and {McElroy}, D.~L. and {Papin}, M. and {Plavchan}, P. and {Ram{\'\i}rez}, S.~V. and {Rey}, R. and {von Braun}, K. and {Wittman}, M. and {Abajian}, M. and {Ali}, B. and {Beichman}, C. and {Beekley}, A. and {Berriman}, G.~B. and {Berukoff}, S. and {Bryden}, G. and {Chan}, B. and {Groom}, S. and {Lau}, C. and {Payne}, A.~N. and {Regelson}, M. and {Saucedo}, M. and {Schmitz}, M. and {Stauffer}, J. and {Wyatt}, P. and {Zhang}, A.},
        title = "{The NASA Exoplanet Archive: Data and Tools for Exoplanet Research}",
      journal = {\pasp},
     keywords = {Astrophysics - Instrumentation and Methods for Astrophysics, Astrophysics - Earth and Planetary Astrophysics},
         year = 2013,
        month = aug,
       volume = {125},
       number = {930},
        pages = {989},
          doi = {10.1086/672273},
archivePrefix = {arXiv},
       eprint = {1307.2944},
 primaryClass = {astro-ph.IM},
       adsurl = {https://ui.adsabs.harvard.edu/abs/2013PASP..125..989A},
      adsnote = {Provided by the SAO/NASA Astrophysics Data System}
}

@ARTICLE{SIMBAD,
       author = {{Wenger}, M. and {Ochsenbein}, F. and {Egret}, D. and {Dubois}, P. and {Bonnarel}, F. and {Borde}, S. and {Genova}, F. and {Jasniewicz}, G. and {Lalo{\"e}}, S. and {Lesteven}, S. and {Monier}, R.},
        title = "{The SIMBAD astronomical database. The CDS reference database for astronomical objects}",
      journal = {\aaps},
     keywords = {ASTRONOMICAL DATA BASES: MISCELLANEOUS, CATALOGS, Astrophysics},
         year = 2000,
        month = apr,
       volume = {143},
        pages = {9-22},
          doi = {10.1051/aas:2000332},
archivePrefix = {arXiv},
       eprint = {astro-ph/0002110},
 primaryClass = {astro-ph},
       adsurl = {https://ui.adsabs.harvard.edu/abs/2000A&AS..143....9W},
      adsnote = {Provided by the SAO/NASA Astrophysics Data System}
}

